<?xml version="1.0" encoding="UTF-8"?><record xmlns="http://www.loc.gov/MARC21/slim" xmlns:cinclude="http://apache.org/cocoon/include/1.0" xmlns:zs="http://www.loc.gov/zing/srw/">
  <leader>00510nz  a2200145n  4500</leader>
  <controlfield tag="001">no 00052628 </controlfield>
  <controlfield tag="003">DLC</controlfield>
  <controlfield tag="005">20000726064025.0</controlfield>
  <controlfield tag="008">000725n| acannaabn          |a aaa     c</controlfield>
  <datafield tag="010" ind1=" " ind2=" ">
    <subfield code="a">no 00052628 </subfield>
  </datafield>
  <datafield tag="035" ind1=" " ind2=" ">
    <subfield code="a">(OCoLC)oca05266335</subfield>
  </datafield>
  <datafield tag="040" ind1=" " ind2=" ">
    <subfield code="a">TNJ</subfield>
    <subfield code="b">eng</subfield>
    <subfield code="c">TNJ</subfield>
  </datafield>
  <datafield tag="100" ind1="1" ind2=" ">
    <subfield code="a">Gombert, M.-M.</subfield>
    <subfield code="q">(Marie-Madeleine)</subfield>
  </datafield>
  <datafield tag="400" ind1="1" ind2=" ">
    <subfield code="a">Gombert, Marie-Madeleine</subfield>
  </datafield>
  <datafield tag="670" ind1=" " ind2=" ">
    <subfield code="a">International Conference on Strongly Coupled Coulomb Systems (1999 : Saint-Malo, France). 99SccS99, 2000:</subfield>
    <subfield code="b">t.p. (M.-M. Gombert) pref. (Marie-Madeleine Gombert)</subfield>
  </datafield>
</record>